<record><leader>00000cas a2200000 a 4500</leader><controlfield tag="001">698720721</controlfield><controlfield tag="007">hd afu   b|||</controlfield><controlfield tag="008">110128d18191822mdudn nea     0   a0eng  </controlfield><datafield ind1=" " ind2=" " tag="010"><subfield code="a">  2011234014</subfield></datafield><datafield ind1=" " ind2=" " tag="040"><subfield code="a">WTU</subfield><subfield code="b">eng</subfield><subfield code="c">WTU</subfield><subfield code="d">HLS</subfield><subfield code="d">OCLCF</subfield><subfield code="d">OCLCQ</subfield></datafield><datafield ind1=" " ind2=" " tag="042"><subfield code="a">pcc</subfield></datafield><datafield ind1=" " ind2=" " tag="043"><subfield code="a">n-us-md</subfield></datafield><datafield ind1=" " ind2="4" tag="050"><subfield code="a">AN2.M37</subfield><subfield code="b">M67</subfield></datafield><datafield ind1="0" ind2=" " tag="130"><subfield code="a">Morning chronicle &amp; Baltimore advertiser (Baltimore, Md. : Daily)</subfield></datafield><datafield ind1="1" ind2="0" tag="245"><subfield code="a">Morning chronicle &amp; Baltimore advertiser.</subfield></datafield><datafield ind1="1" ind2=" " tag="246"><subfield code="a">Morning chronicle and Baltimore advertiser</subfield></datafield><datafield ind1=" " ind2=" " tag="260"><subfield code="a">Baltimore, Md. :</subfield><subfield code="b">Schaeffer &amp; Maund</subfield></datafield><datafield ind1=" " ind2=" " tag="310"><subfield code="a">Daily (except Sunday)</subfield></datafield><datafield ind1=" " ind2=" " tag="336"><subfield code="a">text</subfield><subfield code="b">txt</subfield><subfield code="2">rdacontent</subfield></datafield><datafield ind1=" " ind2=" " tag="337"><subfield code="a">microform</subfield><subfield code="b">h</subfield><subfield code="2">rdamedia</subfield></datafield><datafield ind1=" " ind2=" " tag="338"><subfield code="a">microfilm reel</subfield><subfield code="b">hd</subfield><subfield code="2">rdacarrier</subfield></datafield><datafield ind1="1" ind2=" " tag="362"><subfield code="a">Began with vol. 1, no. 1 (Apr. 8, 1819); ceased with v. 6, no. 935 (Apr. 6, 1822).</subfield></datafield><datafield ind1="1" ind2=" " tag="490"><subfield code="a">Early American newspapers</subfield></datafield><datafield ind1=" " ind2=" " tag="588"><subfield code="a">Description based on: Vol. 1, no. 1 (Apr. 8, 1819); title from masthead.</subfield></datafield><datafield ind1=" " ind2=" " tag="588"><subfield code="a">Latest issue consulted: Vol. 2, no. 230 (Dec. 31, 1819).</subfield></datafield><datafield ind1=" " ind2=" " tag="533"><subfield code="a">Microfilm.</subfield><subfield code="b">Naples, Fla. :</subfield><subfield code="c">Readex.</subfield><subfield code="e">microfilm reels ; 35 mm.</subfield><subfield code="f">(Early American newspapers).</subfield></datafield><datafield ind1=" " ind2="0" tag="651"><subfield code="a">Baltimore (Md.)</subfield><subfield code="v">Newspapers.</subfield></datafield><datafield ind1=" " ind2="7" tag="651"><subfield code="a">Maryland</subfield><subfield code="z">Baltimore.</subfield><subfield code="2">fast</subfield><subfield code="0">(OCoLC)fst01204292</subfield></datafield><datafield ind1=" " ind2="7" tag="655"><subfield code="a">Newspapers.</subfield><subfield code="2">fast</subfield><subfield code="0">(OCoLC)fst01423814</subfield></datafield><datafield ind1=" " ind2=" " tag="752"><subfield code="a">United States</subfield><subfield code="b">Maryland</subfield><subfield code="d">Baltimore.</subfield></datafield><datafield ind1="0" ind2=" " tag="775"><subfield code="t">Morning chronicle and Baltimore advertiser (Baltimore, Md. : Triweekly)</subfield></datafield><datafield ind1="0" ind2="8" tag="776"><subfield code="c">Original</subfield><subfield code="t">Morning chronicle &amp; Baltimore advertiser (Baltimore, Md. : Daily)</subfield><subfield code="w">(DLC)sn 83009570</subfield><subfield code="w">(OCoLC)9086864</subfield></datafield><datafield ind1="0" ind2="0" tag="785"><subfield code="t">Morning chronicle &amp; daily advertiser (Baltimore, Md. : Daily)</subfield><subfield code="w">(OCoLC)56772746</subfield></datafield><datafield ind1=" " ind2="0" tag="830"><subfield code="a">Early American newspapers.</subfield></datafield></record>